<?xml version="1.0" encoding="UTF-8"?><record xmlns="http://www.loc.gov/MARC21/slim" xmlns:cinclude="http://apache.org/cocoon/include/1.0" xmlns:zs="http://www.loc.gov/zing/srw/">
  <leader>00451cz  a2200133n  4500</leader>
  <controlfield tag="001">no 00031750 </controlfield>
  <controlfield tag="003">DLC</controlfield>
  <controlfield tag="005">20000519064258.0</controlfield>
  <controlfield tag="008">000504n| acannaabn          |n aaa      </controlfield>
  <datafield tag="010" ind1=" " ind2=" ">
    <subfield code="a">no 00031750 </subfield>
  </datafield>
  <datafield tag="035" ind1=" " ind2=" ">
    <subfield code="a">(OCoLC)oca05210576</subfield>
  </datafield>
  <datafield tag="040" ind1=" " ind2=" ">
    <subfield code="a">DLC-ON</subfield>
    <subfield code="b">eng</subfield>
    <subfield code="c">DLC-ON</subfield>
  </datafield>
  <datafield tag="100" ind1="1" ind2=" ">
    <subfield code="a">Murthy, T. A. V.</subfield>
  </datafield>
  <datafield tag="670" ind1=" " ind2=" ">
    <subfield code="a">Sustainalble library and information services, 1998:</subfield>
    <subfield code="b">t.p. (Dr. T.A.V. Murthy) p. 221 (Librarian, Indira Gandhi National Centre for the Arts, New Delhi)</subfield>
  </datafield>
</record>